@misc{autodeskrecap,
author = {Autodesk},
title = {Photogrammetry Software | Photos to 3D Model},
howpublished = {\url{https://www.autodesk.com/solutions/photogrammetry-software}},
}

@misc{osmopocket,
author = {DJI},
title = {Osmo Pocket},
howpublished = {\url{https://www.dji.com/nl/osmo-pocket}},
}

@misc{dronemodel,
author = {Robin Westerik},
title = {RWSUU-Drone-Model},
howpublished = {\url{https://github.com/remotewatersensing/RWSUU-Drone-Model}},
}

@misc{prr,
author = {Robin Westerik},
title = {remotewatersensing/RWSUU-Preliminary-Research-Report},
howpublished = {\url{https://github.com/remotewatersensing/RWSUU-Preliminary-Research-Report/releases/}},
}

@misc{swellpronotion,
author = {Swellpro},
title = {SDK Document},
}

@misc{vietduino,
author = {Hshop.vn},
title = {Vietduino Uno (Arduino Uno Compatible)},
howpublished = {\url{https://hshop.vn/products/vietduino-uno}},
}

@misc{screwshield,
author = {Hshop.vn},
title = {Arduino Screw Shield V3},
howpublished = {\url{https://hshop.vn/products/arduino-screw-shield-v3}},
}